<record><leader>00000cas a22000007a 4500</leader><controlfield tag="001">11932864</controlfield><controlfield tag="008">850417d18651885wiuwr ne      0    0eng c</controlfield><datafield ind1=" " ind2=" " tag="010"><subfield code="a">sn 85040528 </subfield></datafield><datafield ind1=" " ind2=" " tag="040"><subfield code="a">NPV</subfield><subfield code="b">eng</subfield><subfield code="c">NPV</subfield><subfield code="d">NPX</subfield><subfield code="d">NPV</subfield><subfield code="d">DLC</subfield><subfield code="d">OCLCQ</subfield><subfield code="d">OCLCF</subfield><subfield code="d">IUL</subfield><subfield code="d">OCL</subfield><subfield code="d">OCLCA</subfield></datafield><datafield ind1=" " ind2=" " tag="042"><subfield code="a">pcc</subfield></datafield><datafield ind1=" " ind2=" " tag="043"><subfield code="a">n-us-wi</subfield></datafield><datafield ind1="0" ind2="0" tag="050"><subfield code="a">Newspaper 10219</subfield></datafield><datafield ind1="0" ind2="0" tag="245"><subfield code="a">Fond du Lac commonwealth.</subfield></datafield><datafield ind1="1" ind2="3" tag="246"><subfield code="a">Weekly commonwealth</subfield></datafield><datafield ind1=" " ind2=" " tag="260"><subfield code="a">Fond du Lac, Wis. :</subfield><subfield code="b">J.A. Smith,</subfield><subfield code="c">1865-1885.</subfield></datafield><datafield ind1=" " ind2=" " tag="300"><subfield code="a">21 v. :</subfield><subfield code="b">ill. ;</subfield><subfield code="c">68 cm.</subfield></datafield><datafield ind1=" " ind2=" " tag="310"><subfield code="a">Weekly</subfield></datafield><datafield ind1="0" ind2=" " tag="362"><subfield code="a">Vol. 12, no. 46, whole no. 618 (Aug. 16, 1865)-v. 32, whole no. 1644 (Mar. 27, 1885).</subfield></datafield><datafield ind1=" " ind2=" " tag="500"><subfield code="a">Title varies slightly.</subfield></datafield><datafield ind1=" " ind2=" " tag="500"><subfield code="a">Publisher varies.</subfield></datafield><datafield ind1=" " ind2=" " tag="525"><subfield code="a">Supplements accompany some issues.</subfield></datafield><datafield ind1=" " ind2=" " tag="580"><subfield code="a">Also published in daily ed. with title: The Fond du Lac daily, Aug. 1870; The Fond du Lac daily commonwealth, &lt;1870&gt;; Daily commonwealth, &lt;1872&gt;-1875; The Fond du Lac daily commonwealth, 1875-1885.</subfield></datafield><datafield ind1=" " ind2="0" tag="651"><subfield code="a">Fond du Lac (Wis.)</subfield><subfield code="v">Newspapers.</subfield></datafield><datafield ind1=" " ind2="0" tag="651"><subfield code="a">Fond du Lac County (Wis.)</subfield><subfield code="v">Newspapers.</subfield></datafield><datafield ind1=" " ind2="7" tag="651"><subfield code="a">Wisconsin</subfield><subfield code="z">Fond du Lac County.</subfield><subfield code="2">fast</subfield><subfield code="0">(OCoLC)fst01212939</subfield></datafield><datafield ind1=" " ind2="7" tag="651"><subfield code="a">Wisconsin</subfield><subfield code="z">Fond du Lac.</subfield><subfield code="2">fast</subfield><subfield code="0">(OCoLC)fst01202767</subfield></datafield><datafield ind1=" " ind2="7" tag="655"><subfield code="a">Newspapers.</subfield><subfield code="2">fast</subfield><subfield code="0">(OCoLC)fst01423814</subfield></datafield><datafield ind1=" " ind2=" " tag="752"><subfield code="a">United States</subfield><subfield code="b">Wisconsin</subfield><subfield code="c">Fond du Lac</subfield><subfield code="d">Fond du Lac.</subfield></datafield><datafield ind1="1" ind2=" " tag="775"><subfield code="t">Fond du Lac daily</subfield><subfield code="w">(DLC)sn 85040533</subfield><subfield code="w">(OCoLC)11936004</subfield></datafield><datafield ind1="1" ind2=" " tag="775"><subfield code="t">Fond du Lac daily commonwealth (Fond du Lac, Wis. : 1870)</subfield><subfield code="w">(DLC)sn 85040534</subfield><subfield code="w">(OCoLC)11936031</subfield></datafield><datafield ind1="1" ind2=" " tag="775"><subfield code="t">Daily commonwealth (Fond du Lac, Wis. : 187u)</subfield><subfield code="w">(DLC)sn 85033036</subfield><subfield code="w">(OCoLC)11619077</subfield></datafield><datafield ind1="0" ind2="0" tag="780"><subfield code="t">Fond du Lac weekly commonwealth</subfield><subfield code="w">(DLC)sn 84031375</subfield><subfield code="w">(OCoLC)11138594</subfield></datafield><datafield ind1="0" ind2="0" tag="785"><subfield code="t">Commonwealth (Fond du Lac, Wis.)</subfield><subfield code="w">(DLC)sn 85040529</subfield><subfield code="w">(OCoLC)11932950</subfield></datafield><datafield ind1="1" ind2=" " tag="029"><subfield code="a">AU@</subfield><subfield code="b">000025802135</subfield></datafield></record>